@book{brigo2006interest,
  author    = {Brigo, Damiano and Mercurio, Fabio},
  title     = {Interest Rate Models: Theory and Practice},
  publisher = {Springer},
  year      = {2006},
  isbn      = {3540221492},
  edition   = {2nd},
  address   = {Berlin, Heidelberg},
  note      = {1014 pages}
}

@article{black1976pricing,
  author  = {Black, Fischer},
  title   = {The Pricing of Commodity Contracts},
  journal = {Journal of Financial Economics},
  volume  = {3},
  number  = {1-2},
  pages   = {167--179},
  year    = {1976},
  publisher = {Elsevier},
  doi     = {10.1016/0304-405X(76)90024-6}
}

@article{karlsson2016exercisepolicies,
author = {Karlsson, Patrik and Jain, Shashi and Oosterlee, Cornelis W.},
title = {Fast and accurate exercise policies for Bermudan swaptions in the LIBOR market model},
journal = {International Journal of Financial Engineering},
volume = {03},
number = {01},
pages = {1650005},
year = {2016},
doi = {10.1142/S2424786316500055},
URL = { 
        https://doi.org/10.1142/S2424786316500055
},
eprint = { 
        https://doi.org/10.1142/S2424786316500055
}
}

@article{gurrieri2009calibration,
  author    = {Gurrieri, Stefano and Nakabayashi, Makoto and Wong, Tony},
  title     = {Calibration Methods of Hull-White Model},
  journal   = {SSRN Electronic Journal},
  year      = {2009},
  doi       = {10.2139/ssrn.1514192},
  url       = {https://doi.org/10.2139/ssrn.1514192},
  note      = {Available at SSRN: \url{https://ssrn.com/abstract=1514192}}
}

@article{longstaff2001valuingamericanoptions,
journal={The Review of Financial Studies},
author={Longstaff, Francis A and Schwartz, Eduardo S},
title={Valuing American Options by Simulation: A Simple Least-Squares Approach},
year={2001},
pages={113-147},
volume={14},
number={1},
keywords={},
doi={None},
url={https://ideas.repec.org/a/oup/rfinst/v14y2001i1p113-47.html},
}

@book{rebonato2004interest,
  author    = {Rebonato, Riccardo},
  title     = {Interest Rate Option Models: Understanding, Analysing and Using Models for Exotic Interest Rate Options},
  publisher = {John Wiley \& Sons},
  year      = {2004},
  doi       = {10.1002/9781118673539},
  isbn      = {9780470091395},
  url       = {https://doi.org/10.1002/9781118673539},
  note      = {First published: 27 August 2004},
}

@article{baaquie2010asianswaptions,
title = {Interest rates in quantum finance: Caps, swaptions and bond options},
journal = {Physica A: Statistical Mechanics and its Applications},
volume = {389},
number = {2},
pages = {296-314},
year = {2010},
issn = {0378-4371},
doi = {https://doi.org/10.1016/j.physa.2009.09.031},
url = {https://www.sciencedirect.com/science/article/pii/S0378437109007845},
author = {Belal E. Baaquie},
keywords = {Libor, Derivatives, Quantum finance},
}

@misc{hohmann2015newnormal,
  author = {Daniel Hohmann and Mario H\"orig and Florian Ketterer and Karl Murray and Russell Ward},
  title = {The New Normal: Using the Right Volatility Quote in Times of Low Interest Rates for Solvency II Risk Factor Modelling},
  year = {2015},
  month = {9},
  url = {https://web.actuaries.ie/sites/default/files/erm-resources/2079LDP_20150911.pdf},
  note = {Accessed: 2025-10-19}
}

@misc{suo2009volatility,
  author       = {Wulin Suo and John C. Hull and Toby C. Daglish},
  title        = {Volatility Surfaces: Theory, Rules of Thumb and Empirical Evidence},
  institution  = {Social Science Research Network},
  year         = {2009},
  number       = {1521882},
  url          = {https://ssrn.com/abstract=1521882},
  note         = {Accessed: 2025-10-19}
}

@article{kladivko2023mlehullwhite,
title = {Maximum likelihood estimation of the Hull–White model},
journal = {Journal of Empirical Finance},
volume = {70},
pages = {227-247},
year = {2023},
issn = {0927-5398},
doi = {https://doi.org/10.1016/j.jempfin.2022.12.002},
url = {https://www.sciencedirect.com/science/article/pii/S0927539822001086},
author = {Kamil Kladivko and Tomas Rusy},
keywords = {Hull–White model, Maximum likelihood, Joint measure modelling, Risk and portfolio management, Derivatives pricing on illiquid markets},
}

@book{hull2015optionsfutures,
    author = {John C. Hull},
    title = {Options, Futures and Other Derivatives},
    publisher = {Pearson Education},
    year = {2015},
    isbn = {9780133456318},
    edition   = {9nth},
}

@article{hull1990pricing,
  author  = {John Hull and Alan White},
  title   = {{Pricing interest-rate derivative securities}},
  journal = {The Review of Financial Studies},
  volume  = {3},
  number  = {4},
  pages   = {573--592},
  year    = {1990},
  doi     = {10.1093/rfs/3.4.573}
}

@article{jamshidian1989decomposition,
    author  = {Farshid Jamshidian},
    title   = {An Exact Bond Option Formula},
    journal = {The Journal of Finance},
    year    = {1989},
    volume  = {44},
    number  = {1},
    pages   = {205--209},
    doi     = {10.1111/j.1540-6261.1989.tb02414.x}
}

@article{alaya2021deep,
  author        = {Mohamed Ben Alaya and Ahmed Kebaier and Djibril Sarr},
  title         = {Deep Calibration of Interest Rates Model},
  year          = {2021},
  journal       = {arXiv preprint arXiv:2110.15133},
  eprint        = {2110.15133},
  archivePrefix = {arXiv},
  primaryClass  = {q-fin.ST}
}

@article{marquardt1963,
    author = {Marquardt, Donald W.},
    title = {An Algorithm for Least-Squares Estimation of Nonlinear Parameters},
    journal = {Journal of the Society for Industrial and Applied Mathematics},
    volume = {11},
    number = {2},
    pages = {431-441},
    year = {1963},
    doi = {10.1137/0111030},
    URL = { 
            https://doi.org/10.1137/0111030
    },
    eprint = { 
            https://doi.org/10.1137/0111030
    }
}

@book{goodfellow2016deeplearning,
    title={Deep Learning},
    author={Ian Goodfellow and Yoshua Bengio and Aaron Courville},
    publisher={MIT Press},
    note={\url{http://www.deeplearningbook.org}},
    year={2016}
}

@article{aljalbout2018clustering,
  author    = {Elie Aljalbout and Vladimir Golkov and Yassir Siddiqui and Daniel Cremers},
  title     = {Clustering with Deep Learning: Taxonomy and New Methods},
  journal   = {arXiv preprint arXiv:1801.07648},
  year      = {2018},
  publisher = {Cornell University},
  doi       = {10.48550/arxiv.1801.07648},
  url       = {https://doi.org/10.48550/arxiv.1801.07648}
}

@article{hinton2006dimensionalityreduction,
  author    = {Geoffrey E. Hinton and Ruslan R. Salakhutdinov},
  title     = {Reducing the Dimensionality of Data with Neural Networks},
  journal   = {Science},
  volume    = {313},
  number    = {5786},
  pages     = {504--507},
  year      = {2006},
  month     = {7},
  doi       = {10.1126/science.1127647},
}

@book{sutton2015reinforcement,
  title     = {Reinforcement Learning: An Introduction},
  author    = {Sutton, Richard S. and Barto, Andrew G.},
  year      = {2015},
  edition   = {2nd},
  publisher = {MIT Press},
  address   = {Cambridge, MA}
}

@article{mienye2024nncomprehensivereview,
AUTHOR = {Mienye, Ibomoiye Domor and Swart, Theo G.},
TITLE = {A Comprehensive Review of Deep Learning: Architectures, Recent Advances, and Applications},
JOURNAL = {Information},
VOLUME = {15},
YEAR = {2024},
NUMBER = {12},
ARTICLE-NUMBER = {755},
URL = {https://www.mdpi.com/2078-2489/15/12/755},
ISSN = {2078-2489},
DOI = {10.3390/info15120755}
}

@article{sazli2006feedforwardnn,
title={A brief review of feed-forward neural networks},
journal={Communications Faculty of Sciences University of Ankara Series A2-A3 Physical Sciences and Engineering},
volume={50}, year={2006},
DOI={10.1501/commua1-2_0000000026},
author={Sazli, Murat H.},
keywords={Artificial neural networks, feed-forward neural networks, back-propagation algorithm},
number={01},
publisher={Ankara University}
}

@article{li2017hyperband,
  title   = {Hyperband: A Novel Bandit-Based Approach to Hyperparameter Optimization},
  author  = {Li, Lisha and Jamieson, Kevin and DeSalvo, Giulia and Rostamizadeh, Afshin and Talwalkar, Ameet},
  journal = {Journal of Machine Learning Research},
  volume  = {18},
  number  = {1},
  pages   = {6765--6816},
  year    = {2017},
  url     = {https://jmlr.org/papers/volume18/16-558/16-558.pdf}
}

@techreport{alvarez2022hullwhite,
  title     = {Hull-White Calibration for Swaptions Using NNs},
  author    = {Alvarez, Hernan and Sacchi, Riccardo and Señaris, Tomás},
  year      = {2022},
  institution = {Barcelona School of Economics},
  url       = {https://repositori-api.upf.edu/api/core/bitstreams/8bae6b11-7b9e-44a8-8b8e-6ac7ec51c920/content}
}

@article{buchel2021deep,
  title   = {Deep Calibration of Financial Models: Turning Theory into Practice},
  author  = {Büchel, Philipp and Kratochwil, Markus and Nagl, Maximilian and Rösch, Daniel},
  journal = {Review of Derivatives Research},
  volume  = {25},
  number  = {2},
  pages   = {109--136},
  year    = {2021},
  doi     = {10.1007/s11147-021-09183-7},
  url     = {https://doi.org/10.1007/s11147-021-09183-7}
}

@article{alaya2021deep,
  title   = {Deep Calibration of Interest Rates Model},
  author  = {Alaya, Mohamed Ben and Kebaier, Ahmed and Sarr, Djiby},
  journal = {arXiv preprint arXiv:2110.15133},
  year    = {2021},
  doi     = {10.48550/arxiv.2110.15133},
  url     = {https://doi.org/10.48550/arxiv.2110.15133}
}

@incollection{moysiadis2019calibrating,
  title     = {Calibrating the Mean-Reversion Parameter in the Hull-White Model Using NNs},
  author    = {Moysiadis, Georgios and Anagnostou, Ioannis and Kandhai, Drona},
  booktitle = {Lecture Notes in Computer Science},
  pages     = {23--36},
  year      = {2019},
  doi       = {10.1007/978-3-030-13463-1_2},
  url       = {https://doi.org/10.1007/978-3-030-13463-1_2}
}

@article{hernandez2016model,
  title   = {Model Calibration with NNs},
  author  = {Hernandez, Alejandro},
  journal = {SSRN Electronic Journal},
  year    = {2016},
  doi     = {10.2139/ssrn.2812140},
  url     = {https://doi.org/10.2139/ssrn.2812140}
}

